@article{pehnec2020carcinogenic,
	title={Carcinogenic organic content of particulate matter at urban locations with different pollution sources},
	author={Pehnec, Gordana and Jakovljevi{\'c}, Ivana and Godec, Ranka and {\v{S}}trukil, Zdravka Sever and {\v{Z}}ero, Sabina and Huremovi{\'c}, Jasna and D{\v{z}}epina, Katja},
	journal={Science of The Total Environment},
	volume={734},
	pages={139414},
	year={2020},
	publisher={Elsevier}
}
